<?xml version="1.0" encoding="UTF-8"?><collection xmlns="http://www.loc.gov/MARC21/slim"><record><leader>00578nam--2200205-i-4500</leader><controlfield tag="001">000024727</controlfield><controlfield tag="002">20161230</controlfield><controlfield tag="005">20161230201035</controlfield><controlfield tag="008">060222s1000------------r-----000-0-eng-d</controlfield><datafield ind1=" " ind2=" " tag="020"><subfield code="a">0387971734</subfield></datafield><datafield ind1=" " ind2=" " tag="040"><subfield code="a">IFIN-HH</subfield></datafield><datafield ind1=" " ind2=" " tag="080"><subfield code="a">531:517.957</subfield></datafield><datafield ind1="1" ind2=" " tag="100"><subfield code="a">Gutzwiller, Martin C</subfield></datafield><datafield ind1="1" ind2="0" tag="245"><subfield code="a">Chaos in classical and quantum mechanics</subfield><subfield code="c">Martin c. gutzwiller</subfield></datafield><datafield ind1=" " ind2=" " tag="260"><subfield code="a">New York</subfield><subfield code="b">Springer-verlag</subfield><subfield code="c">1990</subfield></datafield><datafield ind1=" " ind2=" " tag="300"><subfield code="a">432p</subfield></datafield><datafield ind1=" " ind2=" " tag="490"><subfield code="a">Interdisciplinary Applied Mathematics</subfield><subfield code="v">vol. 1</subfield></datafield><datafield ind1="2" ind2=" " tag="650"><subfield code="a">Quantum Mechaniics</subfield></datafield><datafield ind1=" " ind2=" " tag="852"><subfield code="a">80586</subfield><subfield code="c">530.14</subfield></datafield><datafield ind1=" " ind2=" " tag="CAT"><subfield code="a">Sys</subfield><subfield code="c">20110324</subfield><subfield code="h">141144</subfield></datafield></record></collection>